<?xml version="1.0" encoding="UTF-8"?><record xmlns="http://www.loc.gov/MARC21/slim" xmlns:cinclude="http://apache.org/cocoon/include/1.0" xmlns:zs="http://www.loc.gov/zing/srw/">
  <leader>00356nz  a2200133n  4500</leader>
  <controlfield tag="001">no 99074742 </controlfield>
  <controlfield tag="003">DLC</controlfield>
  <controlfield tag="005">19991015070533.0</controlfield>
  <controlfield tag="008">991014n| acannaab           |n aaa     c</controlfield>
  <datafield tag="010" ind1=" " ind2=" ">
    <subfield code="a">no 99074742 </subfield>
  </datafield>
  <datafield tag="035" ind1=" " ind2=" ">
    <subfield code="a">(OCoLC)oca05082441</subfield>
  </datafield>
  <datafield tag="040" ind1=" " ind2=" ">
    <subfield code="a">MiDW</subfield>
    <subfield code="b">eng</subfield>
    <subfield code="c">MiDW</subfield>
  </datafield>
  <datafield tag="100" ind1="1" ind2="0">
    <subfield code="a">May, Sean,</subfield>
    <subfield code="d">1974-</subfield>
  </datafield>
  <datafield tag="670" ind1=" " ind2=" ">
    <subfield code="a">Moufang loops of order less than 64, c1999:</subfield>
    <subfield code="b">t.p. (Sean May)</subfield>
  </datafield>
</record>